@comment{x-kbibtex-personnameformatting=<%l><, %f>}

@article{bullock1988,
	author = "Bullock, Gregory L",
	journal = "The American Mathematical Monthly",
	number = "5",
	pages = "448--455",
	publisher = "JSTOR",
	title = "{A geometric interpretation of the Riemann-Stieltjes integral}",
	volume = "95",
	year = "1988"
}

@article{prabhu2008,
	author = "Prabhu, Vrunda and Czarnocha, Bronislaw",
	journal = "Educaci{\'o}n matem{\'a}tica",
	number = "1",
	pages = "53--88",
	publisher = "Editorial Santillana",
	title = "{Los indivisibles en el c{\'a}lculo contempor{\'a}neo}",
	volume = "20",
	year = "2008"
}

@article{wildberger2002,
	author = "Wildberger, NJ",
	journal = "The American mathematical monthly",
	number = "9",
	pages = "843--845",
	publisher = "JSTOR",
	title = "{A new proof of Cavalieri's quadrature formula}",
	volume = "109",
	year = "2002"
}

@article{eves1991,
	author = "Eves, Howard",
	journal = "The College Mathematics Journal",
	number = "2",
	pages = "118--124",
	publisher = "Mathematical Association of America",
	title = "{Two surprising theorems on Cavalieri congruence}",
	volume = "22",
	year = "1991"
}

@article{evans1917,
	author = "Evans, George William",
	journal = "The American Mathematical Monthly",
	number = "10",
	pages = "447--451",
	publisher = "JSTOR",
	title = "{Cavalieri's Theorem in his own Words}",
	volume = "24",
	year = "1917"
}

@article{andersen1985,
	author = "Andersen, Kirsti",
	journal = "Archive for history of exact sciences",
	number = "4",
	pages = "291--367",
	publisher = "Springer",
	title = "{Cavalieri's method of indivisibles}",
	volume = "31",
	year = "1985"
}

@article{malik1984,
	author = "Malik, MA",
	journal = "Mathematics Magazine",
	number = "3",
	pages = "154--156",
	publisher = "JSTOR",
	title = "{A note on Cavalieri integration}",
	volume = "57",
	year = "1984"
}

@article{jones2015,
	author = "Jones, Steven R",
	journal = "The Journal of Mathematical Behavior",
	pages = "9--28",
	publisher = "Elsevier",
	title = "{Areas, anti-derivatives, and adding up pieces: Definite integrals in pure mathematics and applied science contexts}",
	volume = "38",
	year = "2015"
}

@article{zazkis2014,
	author = "Zazkis, Dov and Rasmussen, Chris and Shen, Samuel P",
	journal = "PRIMUS",
	number = "2",
	pages = "116--137",
	publisher = "Taylor \& Francis",
	title = "{A mean-based approach for teaching the concept of integration}",
	volume = "24",
	year = "2014"
}

@article{podlubny2002,
	author = "Podlubny, Igor",
	journal = "Fractional Calculus \& Applied Analysis",
	number = "4",
	pages = "367--386",
	title = "{Geometric and physical interpretation of fractional integration and fractional differentiation}",
	volume = "5",
	year = "2002"
}

@article{ackermann2012,
	author = "Ackermann, Etienne Rudolph and Grobler, Trienko Lups and Kleynhans, Waldo and Olivier, Jan Corne and Salmon, Brian Paxton and {Van Zyl}, AJ",
	journal = "Quaestiones Mathematicae",
	number = "3",
	pages = "265--296",
	publisher = "Taylor \& Francis",
	title = "{Cavalieri integration}",
	volume = "35",
	year = "2012"
}

